@misc{amati:2003,
  title={Divergence from Randomness.},
  author={Amati, Giambattista},
  publisher = { Department of Computer Science, University of Glasgow,},
  year={2003}
}

@inproceedings{bernstein:2005,
  author       = {Yaniv Bernstein and Justin Zobel},
  editor       = {Otthein Herzog and Hans{-}J{\"{o}}rg Schek and Norbert Fuhr and Abdur Chowdhury and Wilfried Teiken},
  title        = {Redundant documents and search effectiveness},
  booktitle    = {Proceedings of the 2005 {ACM} {CIKM} International Conference on Information and Knowledge Management, Bremen, Germany, October 31 - November 5, 2005},
  pages        = {736--743},
  publisher    = {{ACM}},
  year         = {2005},
  url          = {https://doi.org/10.1145/1099554.1099733}
}

@book{chuklin:2015,
  author       = {Aleksandr Chuklin and Ilya Markov and Maarten de Rijke},
  title        = {Click Models for Web Search},
  series       = {Synthesis Lectures on Information Concepts, Retrieval, and Services},
  publisher    = {Morgan {\&} Claypool Publishers},
  year         = {2015},
  url          = {https://doi.org/10.2200/S00654ED1V01Y201507ICR043},
  doi          = {10.2200/S00654ED1V01Y201507ICR043}
}


@InProceedings{froebe:2021a,
  author =                   {Maik Fr{\"o}be and Janek Bevendorff and Lukas Gienapp and Michael V{\"o}lske and Benno Stein and Martin Potthast and Matthias Hagen},
  booktitle =                {44th International ACM Conference on Research and Development in Information Retrieval (SIGIR 2021)},
  doi =                      {10.1145/3404835.3463246},
  editor =                   {Fernando Diaz and Chirag Shah and Torsten Suel and Pablo Castells and Rosie Jones and Tetsuya Sakai},
  ids =                      {potthast:2021l},
  month =                    jul,
  pages =                    {2398--2404},
  publisher =                {ACM},
  site =                     {Canada},
  title =                    {{CopyCat: Near-Duplicates within and between the ClueWeb and the Common Crawl}},
  year =                     2021
}

@inproceedings{froebe:2021c,
  title={Efficient query obfuscation with keyqueries},
  author={Fr{\"o}be, Maik and Schmidt, Eric Oliver and Hagen, Matthias},
  booktitle={IEEE/WIC/ACM International Conference on Web Intelligence and Intelligent Agent Technology},
  pages={154--161},
  year={2021}
}

@InProceedings{froebe:2022c,
  author =                   {Maik Fr{\"o}be and Sebastian G{\"u}nther and Alexander Bondarenko and Johannes Huck and Matthias Hagen},
  booktitle =                {2nd Workshop on Reducing Online Misinformation through Credible Information Retrieval (ROMCIR 2022)},
  month =                    apr,
  publisher =                {CEUR-WS.org},
  series =                   {CEUR Workshop Proceedings},
  site =                     {Stavanger, Norway},
  title =                    {{Using Keyqueries to Reduce Misinformation in Health-Related Search Results}},
  year =                     2022
}

@InProceedings{froebe:2022d,
  address =                  {Berlin Heidelberg New York},
  author =                   {Maik Fr{\"o}be and Christopher Akiki and Martin Potthast and Matthias Hagen},
  booktitle =                {Experimental {IR} Meets Multilinguality, Multimodality, and Interaction. 13th International Conference of the {CLEF} Association ({CLEF} 2022)},
  doi =                      {10.1007/978-3-031-13643-6_4},
  editor =                   {Alberto Barr{\'{o}}n{-}Cede{\~{n}}o and Giovanni {Da San Martino} and Mirko Degli Esposti and Fabrizio Sebastiani and Craig Macdonald and Gabriella Pasi and Allan Hanbury and Martin Potthast and Guglielmo Faggioli and Nicola Ferro},
  ids =                      {potthast:2022p},
  month =                    sep,
  pages =                    {48--61},
  publisher =                {Springer},
  series =                   {Lecture Notes in Computer Science},
  title =                    {Noise-Reduction for Automatically Transferred Relevance Judgments},
  volume =                   13390,
  year =                     2022
}

@InProceedings{gollub:2013a,
  author =                   {Tim Gollub and Matthias Hagen and Maximilian Michel and Benno Stein},
  booktitle =                {36th International ACM Conference on Research and Development in Information Retrieval (SIGIR 2013)},
  doi =                      {10.1145/2484028.2484181},
  editor =                   {Cathal Gurrin and {Gareth J.F.} Jones and Diane Kelly and Udo Kruschwitz and Maarten {de Rijke} and Tetsuya Sakai and P{\'a}raic Sheridan},
  month =                    jul,
  pages =                    {981--984},
  publisher =                {ACM},
  site =                     {Dublin},
  title =                    {{From Keywords to Keyqueries: Content Descriptors for the Web}},
  year =                     2013
}

@InProceedings{hagen:2016b,
  address =                  {Berlin Heidelberg New York},
  author =                   {Matthias Hagen and Anna Beyer and Tim Gollub and Kristof Komlossy and Benno Stein},
  booktitle =                {Advances in Information Retrieval. 38th European Conference on IR Research (ECIR 2016)},
  doi =                      {10.1007/978-3-319-30671-1_37},
  editor =                   {Nicola Ferro and Fabio Crestani and Marie-Francine Moens and Josiane Mothe and Fabrizio Silvestri and {Giorgio Maria} {Di Nunzio} and Claudia Hauff and Gianmaria Silvello},
  month =                    mar,
  pages =                    {507--520},
  publisher =                {Springer},
  series =                   {Lecture Notes in Computer Science},
  site =                     {Padua, Italy},
  title =                    {{Supporting Scholarly Search with Keyqueries}},
  volume =                   9626,
  year =                     2016
}

@article{jaleel:2004,
  title={UMass at TREC 2004: Novelty and HARD},
  author={Abdul-Jaleel, Nasreen and Allan, James and Croft, W Bruce and Diaz, Fernando and Larkey, Leah and Li, Xiaoyan and Smucker, Mark D and Wade, Courtney},
  journal={Computer Science Department Faculty Publication Series},
  pages={189},
  year={2004}
}

@inproceedings{khattab:2020,
  author       = {Omar Khattab and Matei Zaharia},
  editor       = {Jimmy X. Huang and Yi Chang and Xueqi Cheng and Jaap Kamps and Vanessa Murdock and Ji{-}Rong Wen and Yiqun Liu},
  title        = {ColBERT: Efficient and Effective Passage Search via Contextualized Late Interaction over {BERT}},
  booktitle    = {Proceedings of the 43rd International {ACM} {SIGIR} conference on research and development in Information Retrieval, {SIGIR} 2020, Virtual Event, China, July 25-30, 2020},
  pages        = {39--48},
  publisher    = {{ACM}},
  year         = {2020},
  doi          = {10.1145/3397271.3401075}
}

@InProceedings{keller:2024,
  author       = {J{\"{u}}ri Keller and Timo Breuer and Philipp Schaer},
  editor       = {Harrie Oosterhuis and Hannah Bast and Chenyan Xiong},
  title        = {Evaluation of Temporal Change in {IR} Test Collections},
  booktitle    = {Proceedings of the 2024 {ACM} {SIGIR} International Conference on Theory of Information Retrieval, {ICTIR} 2024, Washington, DC, USA, 13 July 2024},
  pages        = {3--13},
  publisher    = {{ACM}},
  year         = {2024},
  url          = {https://doi.org/10.1145/3664190.3672530},
  doi          = {10.1145/3664190.3672530}
}

@inproceedings{li:2022,
  author       = {Sen Li and Fuyu Lv and Taiwei Jin and Guiyang Li and Yukun Zheng and Tao Zhuang and Qingwen Liu and Xiaoyi Zeng and James T. Kwok and Qianli Ma},
  editor       = {Mohammad Al Hasan and Li Xiong},
  title        = {Query Rewriting in TaoBao Search},
  booktitle    = {Proceedings of the 31st {ACM} International Conference on Information {\&} Knowledge Management, Atlanta, GA, USA, October 17-21, 2022},
  pages        = {3262--3271},
  publisher    = {{ACM}},
  year         = {2022},
  url          = {https://doi.org/10.1145/3511808.3557068},
  doi          = {10.1145/3511808.3557068}
}

@book{liu:2011,
  author       = {Tie{-}Yan Liu},
  title        = {Learning to Rank for Information Retrieval},
  publisher    = {Springer},
  year         = {2011},
  url          = {https://doi.org/10.1007/978-3-642-14267-3},
  doi          = {10.1007/978-3-642-14267-3},
  isbn         = {978-3-642-14266-6}
}

@book{lin:2021,
  author       = {Jimmy Lin and Rodrigo Frassetto Nogueira and Andrew Yates},
  title        = {Pretrained Transformers for Text Ranking: {BERT} and Beyond},
  series       = {Synthesis Lectures on Human Language Technologies},
  publisher    = {Morgan {\&} Claypool Publishers},
  year         = {2021},
  doi          = {10.2200/S01123ED1V01Y202108HLT053},
  isbn         = {978-3-031-01053-8}
}

@inproceedings{nogueira:2020,
  author       = {Rodrigo Frassetto Nogueira and Zhiying Jiang and Ronak Pradeep and Jimmy Lin},
  editor       = {Trevor Cohn and Yulan He and Yang Liu},
  title        = {Document Ranking with a Pretrained Sequence-to-Sequence Model},
  booktitle    = {Findings of the Association for Computational Linguistics: {EMNLP} 2020, Online Event, 16-20 November 2020},
  series       = {Findings of {ACL}},
  volume       = {{EMNLP} 2020},
  pages        = {708--718},
  publisher    = {Association for Computational Linguistics},
  year         = {2020},
  doi          = {10.18653/V1/2020.FINDINGS-EMNLP.63}
}

@inproceedings{sakai:2007,
  author       = {Tetsuya Sakai},
  editor       = {Wessel Kraaij and Arjen P. de Vries and Charles L. A. Clarke and Norbert Fuhr and Noriko Kando},
  title        = {Alternatives to Bpref},
  booktitle    = {{SIGIR} 2007: Proceedings of the 30th Annual International {ACM} {SIGIR} Conference on Research and Development in Information Retrieval, Amsterdam, The Netherlands, July 23-27, 2007},
  pages        = {71--78},
  publisher    = {{ACM}},
  year         = {2007},
  doi          = {10.1145/1277741.1277756}
}

@inproceedings{alkhalifa:2024,
  author       = {Rabab Alkhalifa and Hsuvas Borkakoty and Romain Deveaud and Alaa El{-}Ebshihy and Luis Espinosa Anke and Tobias Fink and Petra Galusc{\'{a}}kov{\'{a}} and Gabriela Gonz{\'{a}}lez S{\'{a}}ez and Lorraine Goeuriot and David Iommi and Maria Liakata and Harish Tayyar Madabushi and Pablo Medina{-}Alias and Philippe Mulhem and Florina Piroi and Martin Popel and Arkaitz Zubiaga},
  editor       = {Guglielmo Faggioli and Nicola Ferro and Petra Galusc{\'{a}}kov{\'{a}} and Alba Garc{\'{\i}}a Seco de Herrera},
  title        = {Extended Overview of the {CLEF} 2024 LongEval Lab on Longitudinal Evaluation of Model Performance},
  booktitle    = {Working Notes of the Conference and Labs of the Evaluation Forum {(CLEF} 2024), Grenoble, France, 9-12 September, 2024},
  series       = {{CEUR} Workshop Proceedings},
  volume       = {3740},
  pages        = {2267--2289},
  publisher    = {CEUR-WS.org},
  year         = {2024}
}

@inproceedings{keller:2024b,
  title = {Leveraging Prior Relevance Signals in Web Search},
  booktitle = {Working Notes of the Conference and Labs of the Evaluation Forum ({{CLEF}} 2024), Grenoble, France, 9-12 September, 2024},
  author = {Keller, J{\"u}ri and Breuer, Timo and Schaer, Philipp},
  editor = {Faggioli, Guglielmo and Ferro, Nicola and Galusc{\'a}kov{\'a}, Petra and {de Herrera}, Alba Garc{\'{\i}}a Seco},
  year = {2024},
  series = {{{CEUR}} Workshop Proceedings},
  volume = {3740},
  pages = {2396--2406},
  publisher = {CEUR-WS.org},
  bibsource = {dblp computer science bibliography, https://dblp.org},
  timestamp = {Wed, 21 Aug 2024 22:46:00 +0200},
  file = {/Users/jueri/Zotero/storage/J8I7KZFT/Keller et al. - 2024 - Leveraging prior relevance signals in web search.pdf}
}

@inproceedings{macdonald:2020,
  author       = {Craig Macdonald and Nicola Tonellotto},
  editor       = {Krisztian Balog and Vinay Setty and Christina Lioma and Yiqun Liu and Min Zhang and Klaus Berberich},
  title        = {Declarative Experimentation in Information Retrieval using PyTerrier},
  booktitle    = {{ICTIR} '20: The 2020 {ACM} {SIGIR} International Conference on the Theory of Information Retrieval, Virtual Event, Norway, September 14-17, 2020},
  pages        = {161--168},
  publisher    = {{ACM}},
  year         = {2020},
  doi          = {10.1145/3409256.3409829},
}


@book{robertson:1994,
  title = {Okapi at {{TREC-3}}.},
  author = {Robertson, Stephen and Walker, Steve and Jones, Susan and {Hancock-Beaulieu}, Micheline and Gatford, Mike},
  year = {1994},
  month = jan
}

@article{tamber:2023,
  author       = {Manveer Singh Tamber and Ronak Pradeep and Jimmy Lin},
  title        = {Scaling Down, LiTting Up: Efficient Zero-Shot Listwise Reranking with Seq2seq Encoder-Decoder Models},
  journal      = {CoRR},
  volume       = {abs/2312.16098},
  year         = {2023},
  doi          = {10.48550/ARXIV.2312.16098}
}

@inproceedings{chapelle:2009,
  author       = {Olivier Chapelle and Ya Zhang},
  editor       = {Juan Quemada and Gonzalo Le{\'{o}}n and Yo{\"{e}}lle S. Maarek and Wolfgang Nejdl},
  title        = {A dynamic bayesian network click model for web search ranking},
  booktitle    = {Proceedings of the 18th International Conference on World Wide Web, {WWW} 2009, Madrid, Spain, April 20-24, 2009},
  pages        = {1--10},
  publisher    = {{ACM}},
  year         = {2009},
  url          = {https://doi.org/10.1145/1526709.1526711},
  doi          = {10.1145/1526709.1526711}
}



@inproceedings{DBLP:conf/clef/AlkhalifaBDEAFG24,
  author       = {Rabab Alkhalifa and
                  Hsuvas Borkakoty and
                  Romain Deveaud and
                  Alaa El{-}Ebshihy and
                  Luis Espinosa Anke and
                  Tobias Fink and
                  Petra Galusc{\'{a}}kov{\'{a}} and
                  Gabriela Gonz{\'{a}}lez S{\'{a}}ez and
                  Lorraine Goeuriot and
                  David Iommi and
                  Maria Liakata and
                  Harish Tayyar Madabushi and
                  Pablo Medina{-}Alias and
                  Philippe Mulhem and
                  Florina Piroi and
                  Martin Popel and
                  Arkaitz Zubiaga},
  title        = {Extended Overview of the {CLEF} 2024 LongEval Lab on Longitudinal
                  Evaluation of Model Performance},
  booktitle    = {{CLEF} (Working Notes)},
  series       = {{CEUR} Workshop Proceedings},
  volume       = {3740},
  pages        = {2267--2289},
  publisher    = {CEUR-WS.org},
  year         = {2024}
}

@inproceedings{galuscakova:2023,
  author       = {Petra Galusc{\'{a}}kov{\'{a}} and Romain Deveaud and Gabriela Gonz{\'{a}}lez S{\'{a}}ez and Philippe Mulhem and Lorraine Goeuriot and Florina Piroi and Martin Popel},
  editor       = {Hsin{-}Hsi Chen and Wei{-}Jou (Edward) Duh and Hen{-}Hsen Huang and Makoto P. Kato and Josiane Mothe and Barbara Poblete},
  title        = {LongEval-Retrieval: French-English Dynamic Test Collection for Continuous Web Search Evaluation},
  booktitle    = {Proceedings of the 46th International {ACM} {SIGIR} Conference on Research and Development in Information Retrieval, {SIGIR} 2023, Taipei, Taiwan, July 23-27, 2023},
  pages        = {3086--3094},
  publisher    = {{ACM}},
  year         = {2023},
  doi          = {10.1145/3539618.3591921}
}


@inproceedings{alkhalifa:2023,
  author       = {Rabab Alkhalifa and
                  Iman Munire Bilal and
                  Hsuvas Borkakoty and
                  Jos{\'{e}} Camacho{-}Collados and
                  Romain Deveaud and
                  Alaa El{-}Ebshihy and
                  Luis Espinosa Anke and
                  Gabriela Nicole Gonz{\'{a}}lez S{\'{a}}ez and
                  Petra Galusc{\'{a}}kov{\'{a}} and
                  Lorraine Goeuriot and
                  Elena Kochkina and
                  Maria Liakata and
                  Daniel Loureiro and
                  Philippe Mulhem and
                  Florina Piroi and
                  Martin Popel and
                  Christophe Servan and
                  Harish Tayyar Madabushi and
                  Arkaitz Zubiaga},
  title        = {Extended Overview of the {CLEF-2023} LongEval Lab on Longitudinal
                  Evaluation of Model Performance},
  booktitle    = {{CLEF} (Working Notes)},
  series       = {{CEUR} Workshop Proceedings},
  volume       = {3497},
  pages        = {2181--2203},
  publisher    = {CEUR-WS.org},
  year         = {2023}
}


@inproceedings{DBLP:conf/wsdm/AdarTDE09,
  author       = {Eytan Adar and
                  Jaime Teevan and
                  Susan T. Dumais and
                  Jonathan L. Elsas},
  title        = {The web changes everything: understanding the dynamics of web content},
  booktitle    = {{WSDM}},
  pages        = {282--291},
  publisher    = {{ACM}},
  year         = {2009}
}

@inproceedings{DBLP:conf/sigir/Dumais14,
  author       = {Susan T. Dumais},
  title        = {Putting searchers into search},
  booktitle    = {{SIGIR}},
  pages        = {1--2},
  publisher    = {{ACM}},
  year         = {2014}
}

@inproceedings{DBLP:conf/sigir/TikhonovBBOKG13,
  author       = {Alexey Tikhonov and
                  Ivan Bogatyy and
                  Pavel Burangulov and
                  Liudmila Ostroumova and
                  Vitaliy Koshelev and
                  Gleb Gusev},
  title        = {Studying page life patterns in dynamical web},
  booktitle    = {{SIGIR}},
  pages        = {905--908},
  publisher    = {{ACM}},
  year         = {2013}
}


@inproceedings{DBLP:conf/wsdm/ElsasD10,
  author       = {Jonathan L. Elsas and
                  Susan T. Dumais},
  title        = {Leveraging temporal dynamics of document content in relevance ranking},
  booktitle    = {{WSDM}},
  pages        = {1--10},
  publisher    = {{ACM}},
  year         = {2010}
}

@inproceedings{DBLP:conf/sigir/Soboroff06,
  author       = {Ian Soboroff},
  title        = {Dynamic test collections: measuring search effectiveness on the live
                  web},
  booktitle    = {{SIGIR}},
  pages        = {276--283},
  publisher    = {{ACM}},
  year         = {2006}
}

@inproceedings{DBLP:conf/wsdm/TylerT10,
  author       = {Sarah K. Tyler and
                  Jaime Teevan},
  title        = {Large scale query log analysis of re-finding},
  booktitle    = {{WSDM}},
  pages        = {191--200},
  publisher    = {{ACM}},
  year         = {2010}
}

@article{DBLP:journals/sigir/SilversteinHMM99,
  author       = {Craig Silverstein and
                  Monika Henzinger and
                  Hannes Marais and
                  Michael Moricz},
  title        = {Analysis of a Very Large Web Search Engine Query Log},
  journal      = {{SIGIR} Forum},
  volume       = {33},
  number       = {1},
  pages        = {6--12},
  year         = {1999}
}

@article{DBLP:journals/csur/CamposDJJ14,
  author       = {Ricardo Campos and
                  Ga{\"{e}}l Dias and
                  Al{\'{\i}}pio M{\'{a}}rio Jorge and
                  Adam Jatowt},
  title        = {Survey of Temporal Information Retrieval and Related Applications},
  journal      = {{ACM} Comput. Surv.},
  volume       = {47},
  number       = {2},
  pages        = {15:1--15:41},
  year         = {2014}
}

@article{DBLP:journals/ftir/KanhabuaBN15,
  title = {Temporal Information Retrieval},
  author = {Kanhabua, Nattiya and Blanco, Roi and N{\o}rv{\aa}g, Kjetil},
  year = {2015},
  journal = {Found. Trends Inf. Retr.},
  volume = {9},
  number = {2},
  pages = {91--208},
  doi = {10.1561/1500000043},
  bibsource = {dblp computer science bibliography, https://dblp.org},
  keywords = {done},
  timestamp = {Thu, 12 Mar 2020 15:55:11 +0100},
  file = {/Users/jueri/Zotero/storage/HDFLWTHF/Kanhabua et al. - 2015 - Temporal information retrieval.pdf}
}


@inproceedings{DBLP:conf/sigir/Baeza-YatesGJMPS07,
  author       = {Ricardo A. Baeza{-}Yates and
                  Aristides Gionis and
                  Flavio Junqueira and
                  Vanessa Murdock and
                  Vassilis Plachouras and
                  Fabrizio Silvestri},
  title        = {The impact of caching on search engines},
  booktitle    = {{SIGIR}},
  pages        = {183--190},
  publisher    = {{ACM}},
  year         = {2007}
}

@inproceedings{DBLP:conf/www/CambazogluJPBCLB10,
  author       = {Berkant Barla Cambazoglu and
                  Flavio Paiva Junqueira and
                  Vassilis Plachouras and
                  Scott A. Banachowski and
                  Baoqiu Cui and
                  Swee Lim and
                  Bill Bridge},
  title        = {A refreshing perspective of search engine caching},
  booktitle    = {{WWW}},
  pages        = {181--190},
  publisher    = {{ACM}},
  year         = {2010}
}
